@article{Giles2008Multilevel,
  title={Multilevel Monte Carlo Path Simulation},
  author={Giles, Michael B.},
  journal={Operations Research},
  volume={56},
  number={3},
  pages={607-617},
  year={2008},
}
